

<marc:record><marc:leader>     naaaa       uu     </marc:leader><marc:controlfield tag="001">https://library.oapen.org/handle/20.500.12657/62308</marc:controlfield><marc:controlfield tag="005">20230411</marc:controlfield><marc:controlfield tag="003">oapen</marc:controlfield><marc:controlfield tag="006">m     o  d        </marc:controlfield><marc:controlfield tag="007">cr|mn|---annan</marc:controlfield><marc:controlfield tag="008">20230411s2023    xx |||||o     ||| 0|eng d</marc:controlfield><marc:datafield tag="020" ind1=" " ind2=" "><marc:subfield code="a">9781003254683</marc:subfield></marc:datafield><marc:datafield tag="020" ind1=" " ind2=" "><marc:subfield code="a">9781032184692</marc:subfield></marc:datafield><marc:datafield tag="020" ind1=" " ind2=" "><marc:subfield code="a">9781032184654</marc:subfield></marc:datafield><marc:datafield tag="020" ind1=" " ind2=" "><marc:subfield code="a">9781003254683</marc:subfield></marc:datafield><marc:datafield tag="040" ind1=" " ind2=" "><marc:subfield code="a">oapen</marc:subfield><marc:subfield code="c">oapen</marc:subfield></marc:datafield><marc:datafield tag="024" ind1="7" ind2=" "><marc:subfield code="a">10.4324/9781003254683</marc:subfield><marc:subfield code="c">doi</marc:subfield></marc:datafield><marc:datafield tag="041" ind1="0" ind2=" "><marc:subfield code="a">eng</marc:subfield></marc:datafield><marc:datafield tag="042" ind1=" " ind2=" "><marc:subfield code="a">dc</marc:subfield></marc:datafield><marc:datafield tag="072" ind1=" " ind2="7"><marc:subfield code="a">RND</marc:subfield><marc:subfield code="2">bicssc</marc:subfield></marc:datafield><marc:datafield tag="072" ind1=" " ind2="7"><marc:subfield code="a">KCM</marc:subfield><marc:subfield code="2">bicssc</marc:subfield></marc:datafield><marc:datafield tag="072" ind1=" " ind2="7"><marc:subfield code="a">RNPG</marc:subfield><marc:subfield code="2">bicssc</marc:subfield></marc:datafield><marc:datafield tag="100" ind1="1" ind2=" "><marc:subfield code="a">Breuer, Anita</marc:subfield><marc:subfield code="4">edt</marc:subfield></marc:datafield><marc:datafield tag="700" ind1="1" ind2=" "><marc:subfield code="a">Malerba, Daniele</marc:subfield><marc:subfield code="4">edt</marc:subfield></marc:datafield><marc:datafield tag="700" ind1="1" ind2=" "><marc:subfield code="a">Srigiri, Srinivasa</marc:subfield><marc:subfield code="4">edt</marc:subfield></marc:datafield><marc:datafield tag="700" ind1="1" ind2=" "><marc:subfield code="a">Balasubramanian, Pooja</marc:subfield><marc:subfield code="4">edt</marc:subfield></marc:datafield><marc:datafield tag="700" ind1="1" ind2=" "><marc:subfield code="a">Breuer, Anita</marc:subfield><marc:subfield code="4">oth</marc:subfield></marc:datafield><marc:datafield tag="700" ind1="1" ind2=" "><marc:subfield code="a">Malerba, Daniele</marc:subfield><marc:subfield code="4">oth</marc:subfield></marc:datafield><marc:datafield tag="700" ind1="1" ind2=" "><marc:subfield code="a">Srigiri, Srinivasa</marc:subfield><marc:subfield code="4">oth</marc:subfield></marc:datafield><marc:datafield tag="700" ind1="1" ind2=" "><marc:subfield code="a">Balasubramanian, Pooja</marc:subfield><marc:subfield code="4">oth</marc:subfield></marc:datafield><marc:datafield tag="245" ind1="1" ind2="0"><marc:subfield code="a">Governing the Interlinkages between the SDGs</marc:subfield><marc:subfield code="b">Approaches, Opportunities and Challenges</marc:subfield></marc:datafield><marc:datafield tag="260" ind1=" " ind2=" "><marc:subfield code="b">Taylor &amp; Francis</marc:subfield><marc:subfield code="c">2023</marc:subfield></marc:datafield><marc:datafield tag="300" ind1=" " ind2=" "><marc:subfield code="a">1 electronic resource (265 p.)</marc:subfield></marc:datafield><marc:datafield tag="336" ind1=" " ind2=" "><marc:subfield code="a">text</marc:subfield><marc:subfield code="b">txt</marc:subfield><marc:subfield code="2">rdacontent</marc:subfield></marc:datafield><marc:datafield tag="337" ind1=" " ind2=" "><marc:subfield code="a">computer</marc:subfield><marc:subfield code="b">c</marc:subfield><marc:subfield code="2">rdamedia</marc:subfield></marc:datafield><marc:datafield tag="338" ind1=" " ind2=" "><marc:subfield code="a">online resource</marc:subfield><marc:subfield code="b">cr</marc:subfield><marc:subfield code="2">rdacarrier</marc:subfield></marc:datafield><marc:datafield tag="506" ind1="0" ind2=" "><marc:subfield code="a">Open Access</marc:subfield><marc:subfield code="2">star</marc:subfield><marc:subfield code="f">Unrestricted online access</marc:subfield></marc:datafield><marc:datafield tag="520" ind1=" " ind2=" "><marc:subfield code="a">Governing the Interlinkages between the SDGs: Approaches, Opportunities and Challenges identifies the institutional processes, governance mechanisms and policy mixes that are conducive to devising strategies of integrated Sustainable Development Goal (SDG) implementation. &#13;
&#13;
The book edited by Anita Breuer, Daniele Malerba, Srinivasa Srigiri and Pooja Balasubramanian examines the dedicated policies targeting the SDGs, as well as political and institutional drivers of synergies and trade-offs between the SDGs in selected key areas – both cross-nationally and in specific country contexts. Their analysis moves beyond the focus on links between SDG indicators and targets. Instead, the book takes advantage of recent evidence from the initial implementation phase of the SDGs　and each chapter explores the question of which political-institutional prerequisites, governance mechanisms and policy instruments are suited to accelerate the implementation of the SDGs. The findings presented are intended to both inform high-level policy debates and to provide orientation for practitioners working on development cooperation. &#13;
&#13;
This volume will be of great interest to practitioners and policy makers in the field of sustainable development, as well as academics in the fields of sustainability research, political science, and economics.&#13;
&#13;
A PDF version of this book is available for free in Open Access at www.taylorfrancis.com. It has been made available under a Creative Commons BY license</marc:subfield></marc:datafield><marc:datafield tag="540" ind1=" " ind2=" "><marc:subfield code="a">Creative Commons</marc:subfield><marc:subfield code="f">https://creativecommons.org/licenses/by-nc-nd/4.0/</marc:subfield><marc:subfield code="2">cc</marc:subfield><marc:subfield code="4">https://creativecommons.org/licenses/by-nc-nd/4.0/</marc:subfield></marc:datafield><marc:datafield tag="546" ind1=" " ind2=" "><marc:subfield code="a">English</marc:subfield></marc:datafield><marc:datafield tag="650" ind1=" " ind2="7"><marc:subfield code="a">Environmental policy &amp; protocols</marc:subfield><marc:subfield code="2">bicssc</marc:subfield></marc:datafield><marc:datafield tag="650" ind1=" " ind2="7"><marc:subfield code="a">Development economics &amp; emerging economies</marc:subfield><marc:subfield code="2">bicssc</marc:subfield></marc:datafield><marc:datafield tag="650" ind1=" " ind2="7"><marc:subfield code="a">Climate change</marc:subfield><marc:subfield code="2">bicssc</marc:subfield></marc:datafield><marc:datafield tag="653" ind1=" " ind2=" "><marc:subfield code="a">Environmental policy and protocols;Development economics and emerging economies;Climate change</marc:subfield></marc:datafield><marc:datafield tag="856" ind1="4" ind2="0"><marc:subfield code="a">www.oapen.org</marc:subfield><marc:subfield code="u">https://library.oapen.org/bitstream/id/493c0fcf-b8fc-4d6f-ae28-7e9b1a35b48d/9781000788822.pdf</marc:subfield><marc:subfield code="7">0</marc:subfield><marc:subfield code="z">OAPEN Library: download the publication</marc:subfield></marc:datafield><marc:datafield tag="856" ind1="4" ind2="0"><marc:subfield code="a">www.oapen.org</marc:subfield><marc:subfield code="u">https://library.oapen.org/handle/20.500.12657/62308</marc:subfield><marc:subfield code="7">0</marc:subfield><marc:subfield code="z">OAPEN Library: description of the publication</marc:subfield></marc:datafield></marc:record>