

<marc:record><marc:leader>     naaaa       uu     </marc:leader><marc:controlfield tag="001">https://library.oapen.org/handle/20.500.12657/61466</marc:controlfield><marc:controlfield tag="005">20230227</marc:controlfield><marc:controlfield tag="003">oapen</marc:controlfield><marc:controlfield tag="006">m     o  d        </marc:controlfield><marc:controlfield tag="007">cr|mn|---annan</marc:controlfield><marc:controlfield tag="008">20230227s2023    xx |||||o     ||| 0|eng d</marc:controlfield><marc:datafield tag="020" ind1=" " ind2=" "><marc:subfield code="a">luminos.144</marc:subfield></marc:datafield><marc:datafield tag="020" ind1=" " ind2=" "><marc:subfield code="a">9780520390119</marc:subfield></marc:datafield><marc:datafield tag="040" ind1=" " ind2=" "><marc:subfield code="a">oapen</marc:subfield><marc:subfield code="c">oapen</marc:subfield></marc:datafield><marc:datafield tag="024" ind1="7" ind2=" "><marc:subfield code="a">10.1525/luminos.144</marc:subfield><marc:subfield code="c">doi</marc:subfield></marc:datafield><marc:datafield tag="041" ind1="0" ind2=" "><marc:subfield code="a">eng</marc:subfield></marc:datafield><marc:datafield tag="042" ind1=" " ind2=" "><marc:subfield code="a">dc</marc:subfield></marc:datafield><marc:datafield tag="072" ind1=" " ind2="7"><marc:subfield code="a">KC</marc:subfield><marc:subfield code="2">bicssc</marc:subfield></marc:datafield><marc:datafield tag="100" ind1="1" ind2=" "><marc:subfield code="a">Uchida, Jun</marc:subfield><marc:subfield code="4">auth</marc:subfield></marc:datafield><marc:datafield tag="245" ind1="1" ind2="0"><marc:subfield code="a">Provincializing Empire</marc:subfield><marc:subfield code="b">Ōmi Merchants in the Japanese Transpacific Diaspora</marc:subfield></marc:datafield><marc:datafield tag="260" ind1=" " ind2=" "><marc:subfield code="b">University of California Press</marc:subfield><marc:subfield code="c">2023</marc:subfield></marc:datafield><marc:datafield tag="300" ind1=" " ind2=" "><marc:subfield code="a">1 electronic resource (380 p.)</marc:subfield></marc:datafield><marc:datafield tag="336" ind1=" " ind2=" "><marc:subfield code="a">text</marc:subfield><marc:subfield code="b">txt</marc:subfield><marc:subfield code="2">rdacontent</marc:subfield></marc:datafield><marc:datafield tag="337" ind1=" " ind2=" "><marc:subfield code="a">computer</marc:subfield><marc:subfield code="b">c</marc:subfield><marc:subfield code="2">rdamedia</marc:subfield></marc:datafield><marc:datafield tag="338" ind1=" " ind2=" "><marc:subfield code="a">online resource</marc:subfield><marc:subfield code="b">cr</marc:subfield><marc:subfield code="2">rdacarrier</marc:subfield></marc:datafield><marc:datafield tag="506" ind1="0" ind2=" "><marc:subfield code="a">Open Access</marc:subfield><marc:subfield code="2">star</marc:subfield><marc:subfield code="f">Unrestricted online access</marc:subfield></marc:datafield><marc:datafield tag="520" ind1=" " ind2=" "><marc:subfield code="a">Provincializing Empire explores the global history of Japanese expansion through a regional lens. It rethinks the nation-centered geography and chronology of empire by uncovering the pivotal role of expeditionary merchants from Ōmi (present-day Shiga Prefecture) and their modern successors. Tracing their lives from the early modern era, and writing them into the global histories of empire, diaspora, and capitalism, Jun Uchida offers an innovative analysis of expansion through a story previously untold: how the nation’s provincials built on their traditions to create a transpacific diaspora that stretched from Seoul to Vancouver, while helping shape the modern world of transoceanic exchange.&#13;
“Provincializing Empire offers a stimulating and persuasive account of the longue durée of Japanese capitalist development, connecting Japanese historiography to important conversations on the history of racial capitalism and geographies of space, place, and scale.” — DAVID AMBARAS, author of Japan’s Imperial Underworlds: Intimate Encounters at the Borders of Empire&#13;
“Wide-ranging yet richly documented, Provincializing Empire offers a powerful new transregional history of Japanese capitalism, challenging claims about the developmental state. It tells the fascinating story of a merchant diaspora whose growth was entwined with Japanese imperialism, and of the invented traditions that sustained provincial identity amid global commercial expansion.” — JORDAN SAND, author of Tokyo Vernacular: Common Spaces, Local Histories, Found Objects&#13;
""A tour de force! Jun Uchida's lucid narrative illuminates the multidirectional movements of settler-migrant merchants from peripheral Japan that cut across the prescribed borders of empires and nation-states. Empirically rich and theoretically sophisticated, Provincializing Empire calls into question many assumptions about Japanese imperialism and offers a less spatially bounded story of grassroots expansionism."" — EIICHIRO AZUMA, author of In Search of Our Frontier: Japanese America and Settler Colonialism in the Construction of Japan's Borderless Empire&#13;
""Provincializing Empire is a wonderfully creative model for connecting local and global history. Uchida frames her stimulating account of Japanese overseas commercial expansion, colonialism, and diaspora not as the top-down story of state policy but as the local history of a mercantile community."" — DAVID L. HOWELL, Robert K. and Dale J. Weary Professor of Japanese History, Harvard University"</marc:subfield></marc:datafield><marc:datafield tag="540" ind1=" " ind2=" "><marc:subfield code="a">Creative Commons</marc:subfield><marc:subfield code="f">https://creativecommons.org/licenses/by-nc-nd/4.0/</marc:subfield><marc:subfield code="2">cc</marc:subfield><marc:subfield code="4">https://creativecommons.org/licenses/by-nc-nd/4.0/</marc:subfield></marc:datafield><marc:datafield tag="546" ind1=" " ind2=" "><marc:subfield code="a">English</marc:subfield></marc:datafield><marc:datafield tag="650" ind1=" " ind2="7"><marc:subfield code="a">Economics</marc:subfield><marc:subfield code="2">bicssc</marc:subfield></marc:datafield><marc:datafield tag="653" ind1=" " ind2=" "><marc:subfield code="a">merchants; Japan; Japanese Transpacific Diaspora</marc:subfield></marc:datafield><marc:datafield tag="856" ind1="4" ind2="0"><marc:subfield code="a">www.oapen.org</marc:subfield><marc:subfield code="u">https://library.oapen.org/bitstream/id/6436ffc3-03f0-4be5-ab99-9d9ac6c7abe0/provincializing-empire.pdf</marc:subfield><marc:subfield code="7">0</marc:subfield><marc:subfield code="z">OAPEN Library: download the publication</marc:subfield></marc:datafield><marc:datafield tag="856" ind1="4" ind2="0"><marc:subfield code="a">www.oapen.org</marc:subfield><marc:subfield code="u">https://library.oapen.org/handle/20.500.12657/61466</marc:subfield><marc:subfield code="7">0</marc:subfield><marc:subfield code="z">OAPEN Library: description of the publication</marc:subfield></marc:datafield></marc:record>