

<marc:record><marc:leader>     naaaa       uu     </marc:leader><marc:controlfield tag="001">https://library.oapen.org/handle/20.500.12657/76150</marc:controlfield><marc:controlfield tag="005">20230906</marc:controlfield><marc:controlfield tag="003">oapen</marc:controlfield><marc:controlfield tag="006">m     o  d        </marc:controlfield><marc:controlfield tag="007">cr|mn|---annan</marc:controlfield><marc:controlfield tag="008">20230906s2023    xx |||||o     ||| 0|eng d</marc:controlfield><marc:datafield tag="020" ind1=" " ind2=" "><marc:subfield code="a">9789461665416</marc:subfield></marc:datafield><marc:datafield tag="020" ind1=" " ind2=" "><marc:subfield code="a">9789462703841</marc:subfield></marc:datafield><marc:datafield tag="040" ind1=" " ind2=" "><marc:subfield code="a">oapen</marc:subfield><marc:subfield code="c">oapen</marc:subfield></marc:datafield><marc:datafield tag="024" ind1="7" ind2=" "><marc:subfield code="a">10.11116/9789461665416</marc:subfield><marc:subfield code="c">doi</marc:subfield></marc:datafield><marc:datafield tag="041" ind1="0" ind2=" "><marc:subfield code="a">eng</marc:subfield></marc:datafield><marc:datafield tag="042" ind1=" " ind2=" "><marc:subfield code="a">dc</marc:subfield></marc:datafield><marc:datafield tag="072" ind1=" " ind2="7"><marc:subfield code="a">AGB</marc:subfield><marc:subfield code="2">bicssc</marc:subfield></marc:datafield><marc:datafield tag="072" ind1=" " ind2="7"><marc:subfield code="a">AFKV</marc:subfield><marc:subfield code="2">bicssc</marc:subfield></marc:datafield><marc:datafield tag="100" ind1="1" ind2=" "><marc:subfield code="a">Claes, Gerard-Jan</marc:subfield><marc:subfield code="4">edt</marc:subfield></marc:datafield><marc:datafield tag="700" ind1="1" ind2=" "><marc:subfield code="a">Symons, Stéphane</marc:subfield><marc:subfield code="4">edt</marc:subfield></marc:datafield><marc:datafield tag="700" ind1="1" ind2=" "><marc:subfield code="a">Claes, Gerard-Jan</marc:subfield><marc:subfield code="4">oth</marc:subfield></marc:datafield><marc:datafield tag="700" ind1="1" ind2=" "><marc:subfield code="a">Symons, Stéphane</marc:subfield><marc:subfield code="4">oth</marc:subfield></marc:datafield><marc:datafield tag="245" ind1="1" ind2="0"><marc:subfield code="a">Francis Alÿs. The Nature of the Game</marc:subfield></marc:datafield><marc:datafield tag="260" ind1=" " ind2=" "><marc:subfield code="a">Leuven</marc:subfield><marc:subfield code="b">Leuven University Press</marc:subfield><marc:subfield code="c">2023</marc:subfield></marc:datafield><marc:datafield tag="300" ind1=" " ind2=" "><marc:subfield code="a">1 electronic resource (177 p.)</marc:subfield></marc:datafield><marc:datafield tag="336" ind1=" " ind2=" "><marc:subfield code="a">text</marc:subfield><marc:subfield code="b">txt</marc:subfield><marc:subfield code="2">rdacontent</marc:subfield></marc:datafield><marc:datafield tag="337" ind1=" " ind2=" "><marc:subfield code="a">computer</marc:subfield><marc:subfield code="b">c</marc:subfield><marc:subfield code="2">rdamedia</marc:subfield></marc:datafield><marc:datafield tag="338" ind1=" " ind2=" "><marc:subfield code="a">online resource</marc:subfield><marc:subfield code="b">cr</marc:subfield><marc:subfield code="2">rdacarrier</marc:subfield></marc:datafield><marc:datafield tag="506" ind1="0" ind2=" "><marc:subfield code="a">Open Access</marc:subfield><marc:subfield code="2">star</marc:subfield><marc:subfield code="f">Unrestricted online access</marc:subfield></marc:datafield><marc:datafield tag="520" ind1=" " ind2=" "><marc:subfield code="a">The first multidisciplinary analysis of one of the most impactful and popular contemporary artworks of recent years.&#13;
&#13;
In 1999, a short video of a solitary boy kicking an empty bottle up a hill in Mexico City became the first instalment of Children’s Games, a series of works by artist Francis Alÿs (b. Antwerp, 1959). The ongoing project, which now numbers around thirty-five works, has gradually given shape to an extensive collection of videos of children at play. For almost twenty-five years, Alÿs and his collaborators Félix Blume, Julien Devaux, and Rafael Ortega have been travelling around the world to document the distinctive ways in which children interact with each other and their physical environment. They have gone from remote villages in the Democratic Republic of the Congo, Afghanistan, Venezuela, and Nepal to the mountains of Switzerland and metropoles like Hong Kong and Paris, but have also visited the war-torn city of Mosul in Iraq, the border between Mexico and the United States, and the strait of Gibraltar that divides Africa and Europe. The resulting images are standing proof of the seriousness of play and of children’s stunning powers of resilience in the face of conflict.&#13;
&#13;
This volume provides a multidisciplinary perspective to the many layers of Children’s Games. It includes an interview with Francis Alÿs and Rafael Ortega, a series of essays by well-known scholars and art critics, curatorial statements, and a logbook related to the presentation of Children’s Games at the Venice Biennale of 2022.&#13;
&#13;
Contributors: Francis Alÿs (artist), Gerard-Jan Claes (filmmaker, artistic director of Sabzian), Tim Ingold (anthropologist, University of Aberdeen), Zeynep Kubat (art historian, curator and writer), Karen Lang (art historian, Royal Society of Arts), Rafael Ortega (artist), Rodrigo Perez de Arce (architect, Pontificia Universidad Católica de Chile), Juan Martín Pérez García (Network for the Rights of Children in Mexico (REDIM)), Giulio Piovesan (journalist and photographer), John Potter (media education, University College London), Virginia Roy (curator at the University Museum of Contemporary Art of the National Autonomous University of Mexico), Stéphane Symons (professor of philosophy, KU Leuven), Hilde Teerlinck (Han Nefkens Foundation /curator of the Belgian Pavilion at the Venice Art Biennale 2022).&#13;
&#13;
Ebook available in Open Access. &#13;
This publication is GPRC-labeled (Guaranteed Peer-Reviewed Content).</marc:subfield></marc:datafield><marc:datafield tag="536" ind1=" " ind2=" "><marc:subfield code="a">KU Leuven</marc:subfield></marc:datafield><marc:datafield tag="540" ind1=" " ind2=" "><marc:subfield code="a">Creative Commons</marc:subfield><marc:subfield code="f">https://creativecommons.org/licenses/by-nc-nd/4.0/</marc:subfield><marc:subfield code="2">cc</marc:subfield><marc:subfield code="4">https://creativecommons.org/licenses/by-nc-nd/4.0/</marc:subfield></marc:datafield><marc:datafield tag="546" ind1=" " ind2=" "><marc:subfield code="a">English</marc:subfield></marc:datafield><marc:datafield tag="650" ind1=" " ind2="7"><marc:subfield code="a">Individual artists, art monographs</marc:subfield><marc:subfield code="2">bicssc</marc:subfield></marc:datafield><marc:datafield tag="650" ind1=" " ind2="7"><marc:subfield code="a">Electronic, holographic &amp; video art</marc:subfield><marc:subfield code="2">bicssc</marc:subfield></marc:datafield><marc:datafield tag="653" ind1=" " ind2=" "><marc:subfield code="a">Francis Alÿs;Contemporary Art;Children;Games and Play;Video Art</marc:subfield></marc:datafield><marc:datafield tag="856" ind1="4" ind2="0"><marc:subfield code="a">www.oapen.org</marc:subfield><marc:subfield code="u">https://library.oapen.org/bitstream/id/df228570-648a-46b1-83df-63a05f59f267/9789461665416.pdf</marc:subfield><marc:subfield code="7">0</marc:subfield><marc:subfield code="z">OAPEN Library: download the publication</marc:subfield></marc:datafield><marc:datafield tag="856" ind1="4" ind2="0"><marc:subfield code="a">www.oapen.org</marc:subfield><marc:subfield code="u">https://library.oapen.org/handle/20.500.12657/76150</marc:subfield><marc:subfield code="7">0</marc:subfield><marc:subfield code="z">OAPEN Library: description of the publication</marc:subfield></marc:datafield></marc:record>