

<marc:record><marc:leader>     naaaa       uu     </marc:leader><marc:controlfield tag="001">https://library.oapen.org/handle/20.500.12657/63678</marc:controlfield><marc:controlfield tag="005">20230626</marc:controlfield><marc:controlfield tag="003">oapen</marc:controlfield><marc:controlfield tag="006">m     o  d        </marc:controlfield><marc:controlfield tag="007">cr|mn|---annan</marc:controlfield><marc:controlfield tag="008">20230626s2023    xx |||||o     ||| 0|eng d</marc:controlfield><marc:datafield tag="020" ind1=" " ind2=" "><marc:subfield code="a">bce</marc:subfield></marc:datafield><marc:datafield tag="020" ind1=" " ind2=" "><marc:subfield code="a">9789176352106</marc:subfield></marc:datafield><marc:datafield tag="020" ind1=" " ind2=" "><marc:subfield code="a">9789176352120</marc:subfield></marc:datafield><marc:datafield tag="020" ind1=" " ind2=" "><marc:subfield code="a">9789176352137</marc:subfield></marc:datafield><marc:datafield tag="040" ind1=" " ind2=" "><marc:subfield code="a">oapen</marc:subfield><marc:subfield code="c">oapen</marc:subfield></marc:datafield><marc:datafield tag="024" ind1="7" ind2=" "><marc:subfield code="a">10.16993/bce</marc:subfield><marc:subfield code="c">doi</marc:subfield></marc:datafield><marc:datafield tag="041" ind1="0" ind2=" "><marc:subfield code="a">eng</marc:subfield></marc:datafield><marc:datafield tag="042" ind1=" " ind2=" "><marc:subfield code="a">dc</marc:subfield></marc:datafield><marc:datafield tag="072" ind1=" " ind2="7"><marc:subfield code="a">WCV</marc:subfield><marc:subfield code="2">bicssc</marc:subfield></marc:datafield><marc:datafield tag="072" ind1=" " ind2="7"><marc:subfield code="a">HB</marc:subfield><marc:subfield code="2">bicssc</marc:subfield></marc:datafield><marc:datafield tag="072" ind1=" " ind2="7"><marc:subfield code="a">D</marc:subfield><marc:subfield code="2">bicssc</marc:subfield></marc:datafield><marc:datafield tag="072" ind1=" " ind2="7"><marc:subfield code="a">AVA</marc:subfield><marc:subfield code="2">bicssc</marc:subfield></marc:datafield><marc:datafield tag="072" ind1=" " ind2="7"><marc:subfield code="a">AFKP</marc:subfield><marc:subfield code="2">bicssc</marc:subfield></marc:datafield><marc:datafield tag="072" ind1=" " ind2="7"><marc:subfield code="a">AN</marc:subfield><marc:subfield code="2">bicssc</marc:subfield></marc:datafield><marc:datafield tag="100" ind1="1" ind2=" "><marc:subfield code="a">Schneider, Magnus Tessing</marc:subfield><marc:subfield code="4">edt</marc:subfield></marc:datafield><marc:datafield tag="700" ind1="1" ind2=" "><marc:subfield code="a">Wagner, Meike</marc:subfield><marc:subfield code="4">edt</marc:subfield></marc:datafield><marc:datafield tag="700" ind1="1" ind2=" "><marc:subfield code="a">Schneider, Magnus Tessing</marc:subfield><marc:subfield code="4">oth</marc:subfield></marc:datafield><marc:datafield tag="700" ind1="1" ind2=" "><marc:subfield code="a">Wagner, Meike</marc:subfield><marc:subfield code="4">oth</marc:subfield></marc:datafield><marc:datafield tag="245" ind1="1" ind2="0"><marc:subfield code="a">Performing the Eighteenth Century</marc:subfield><marc:subfield code="b">Theatrical Discourses, Practices, and Artefacts</marc:subfield></marc:datafield><marc:datafield tag="260" ind1=" " ind2=" "><marc:subfield code="b">Stockholm University Press</marc:subfield><marc:subfield code="c">2023</marc:subfield></marc:datafield><marc:datafield tag="300" ind1=" " ind2=" "><marc:subfield code="a">1 electronic resource (334 p.)</marc:subfield></marc:datafield><marc:datafield tag="336" ind1=" " ind2=" "><marc:subfield code="a">text</marc:subfield><marc:subfield code="b">txt</marc:subfield><marc:subfield code="2">rdacontent</marc:subfield></marc:datafield><marc:datafield tag="337" ind1=" " ind2=" "><marc:subfield code="a">computer</marc:subfield><marc:subfield code="b">c</marc:subfield><marc:subfield code="2">rdamedia</marc:subfield></marc:datafield><marc:datafield tag="338" ind1=" " ind2=" "><marc:subfield code="a">online resource</marc:subfield><marc:subfield code="b">cr</marc:subfield><marc:subfield code="2">rdacarrier</marc:subfield></marc:datafield><marc:datafield tag="490" ind1="1" ind2=" "><marc:subfield code="a">Stockholm Studies in Culture and Aesthetics</marc:subfield><marc:subfield code="v">11</marc:subfield></marc:datafield><marc:datafield tag="506" ind1="0" ind2=" "><marc:subfield code="a">Open Access</marc:subfield><marc:subfield code="2">star</marc:subfield><marc:subfield code="f">Unrestricted online access</marc:subfield></marc:datafield><marc:datafield tag="520" ind1=" " ind2=" "><marc:subfield code="a">What can artists learn from theatre scholars when it comes to performing historical works on stage today? What can theatre scholars learn from today’s artists when it comes to understanding the works and practices of the past? How is the experience of modern spectators affected by attending performances in historic theatres? And how, aesthetically, do we experience the reconstruction of productions from the remote past?&#13;
This collection of essays covers the findings of the research project ‘Performing Premodernity’: an international group of theatre scholars whose work centred on the Drottningholm theatre from 1766: just outside Stockholm, this famous theatre has authentic stage sets and machinery preserved almost in their original eighteenth-century state.&#13;
Behind all the essays is a mixture of fascination and dissatisfaction with today’s performances of drama and opera classics, particularly those that take place in historic theatres, and those operating within the so-called Historically Informed Performance movement. Moreover, they reflect a desire to develop and expand the methods traditionally used by theatre historians. And they present a variety of angles on today’s performances in historic theatres and on today’s attempts to revive theatrical practices of the past.&#13;
The authors combine academic and artistic research as a way of deepening and nuancing our understanding of eighteenth-century theatre practices. The historical research is set in dialogue with the dramaturgical insights and aesthetic experiences the historians gained from their practical doing in historic spaces. Experimentation with lighting, costumes, stage movement, vocal and instrumental practices, and the flow of energy between performers and spectators led to the investigation of topics that theatre historians otherwise tend to ignore. In turn, this has led the researchers to challenge long-held views of the sites, repertoires, and performance practices of eighteenth-century theatre.&#13;
Performing Premodernity’s experimental, practice-based approach accords with the view of the late Enlightenment as what Vincenzo Ferrone has called ‘a real and still unexplored laboratory of modernity’. The second half of the eighteenth century was a time of both wide-ranging artistic innovation and earth-shaking political revolutions; it was a period when ideal and practice, philosophy and art influenced and guided each other to an unprecedented degree. The essays start from the conviction that any attempt at a holistic understanding of the theatrical practices of the time must take these exchanges into account. And that a strictly antiquarian approach that merely tries to establish ‘how it really was’, without considering the utopian dimension of the reforms of people like Rousseau, Gluck, and Mozart, will fail to grasp the impetus and the dynamic, communicative aspect of eighteenth-century theatre. Therefore, several of the essays revolve around the group’s historically informed production of a true ‘avantgarde’ work of the eighteenth century: Pygmalion, Jean-Jacques Rousseau’s scène lyrique from 1762. Performing Premodernity’s research-based production premiered at Český Krumlov Castle Theatre in 2015.&#13;
The present anthology is essential reading for theatre scholars and musicologists studying eighteenth-century performance as well as for theatre and opera artists concerned with period performance practice.</marc:subfield></marc:datafield><marc:datafield tag="536" ind1=" " ind2=" "><marc:subfield code="a">Magnus Bergvalls Stiftelse</marc:subfield></marc:datafield><marc:datafield tag="540" ind1=" " ind2=" "><marc:subfield code="a">Creative Commons</marc:subfield><marc:subfield code="f">https://creativecommons.org/licenses/by-nc/4.0/</marc:subfield><marc:subfield code="2">cc</marc:subfield><marc:subfield code="4">https://creativecommons.org/licenses/by-nc/4.0/</marc:subfield></marc:datafield><marc:datafield tag="546" ind1=" " ind2=" "><marc:subfield code="a">English</marc:subfield></marc:datafield><marc:datafield tag="650" ind1=" " ind2="7"><marc:subfield code="a">Antiques &amp; collectables: carpets, rugs &amp; textiles</marc:subfield><marc:subfield code="2">bicssc</marc:subfield></marc:datafield><marc:datafield tag="650" ind1=" " ind2="7"><marc:subfield code="a">History</marc:subfield><marc:subfield code="2">bicssc</marc:subfield></marc:datafield><marc:datafield tag="650" ind1=" " ind2="7"><marc:subfield code="a">Literature &amp; literary studies</marc:subfield><marc:subfield code="2">bicssc</marc:subfield></marc:datafield><marc:datafield tag="650" ind1=" " ind2="7"><marc:subfield code="a">Theory of music &amp; musicology</marc:subfield><marc:subfield code="2">bicssc</marc:subfield></marc:datafield><marc:datafield tag="650" ind1=" " ind2="7"><marc:subfield code="a">Performance art</marc:subfield><marc:subfield code="2">bicssc</marc:subfield></marc:datafield><marc:datafield tag="650" ind1=" " ind2="7"><marc:subfield code="a">Theatre studies</marc:subfield><marc:subfield code="2">bicssc</marc:subfield></marc:datafield><marc:datafield tag="653" ind1=" " ind2=" "><marc:subfield code="a">Theatre historiography; Historical theatres; Eighteenth-century acting; Eighteenth-century opera; Eighteenth-century theatre; Historically informed performance</marc:subfield></marc:datafield><marc:datafield tag="856" ind1="4" ind2="0"><marc:subfield code="a">www.oapen.org</marc:subfield><marc:subfield code="u">https://library.oapen.org/bitstream/id/9b9dd0e6-6841-47f2-b7e0-b4d99c341efc/performing-eighteenth-century-theatre.pdf</marc:subfield><marc:subfield code="7">0</marc:subfield><marc:subfield code="z">OAPEN Library: download the publication</marc:subfield></marc:datafield><marc:datafield tag="856" ind1="4" ind2="0"><marc:subfield code="a">www.oapen.org</marc:subfield><marc:subfield code="u">https://library.oapen.org/handle/20.500.12657/63678</marc:subfield><marc:subfield code="7">0</marc:subfield><marc:subfield code="z">OAPEN Library: description of the publication</marc:subfield></marc:datafield></marc:record>