

<marc:record><marc:leader>     naaaa       uu     </marc:leader><marc:controlfield tag="001">https://library.oapen.org/handle/20.500.12657/75305</marc:controlfield><marc:controlfield tag="005">20230808</marc:controlfield><marc:controlfield tag="003">oapen</marc:controlfield><marc:controlfield tag="006">m     o  d        </marc:controlfield><marc:controlfield tag="007">cr|mn|---annan</marc:controlfield><marc:controlfield tag="008">20230808s2023    xx |||||o     ||| 0|eng d</marc:controlfield><marc:datafield tag="020" ind1=" " ind2=" "><marc:subfield code="a">111.9781800085237</marc:subfield></marc:datafield><marc:datafield tag="020" ind1=" " ind2=" "><marc:subfield code="a">9781800085244</marc:subfield></marc:datafield><marc:datafield tag="020" ind1=" " ind2=" "><marc:subfield code="a">9781800085251</marc:subfield></marc:datafield><marc:datafield tag="020" ind1=" " ind2=" "><marc:subfield code="a">9781800085268</marc:subfield></marc:datafield><marc:datafield tag="040" ind1=" " ind2=" "><marc:subfield code="a">oapen</marc:subfield><marc:subfield code="c">oapen</marc:subfield></marc:datafield><marc:datafield tag="024" ind1="7" ind2=" "><marc:subfield code="a">10.14324/111.9781800085237</marc:subfield><marc:subfield code="c">doi</marc:subfield></marc:datafield><marc:datafield tag="041" ind1="0" ind2=" "><marc:subfield code="a">eng</marc:subfield></marc:datafield><marc:datafield tag="042" ind1=" " ind2=" "><marc:subfield code="a">dc</marc:subfield></marc:datafield><marc:datafield tag="072" ind1=" " ind2="7"><marc:subfield code="a">RPC</marc:subfield><marc:subfield code="2">bicssc</marc:subfield></marc:datafield><marc:datafield tag="072" ind1=" " ind2="7"><marc:subfield code="a">JFSG</marc:subfield><marc:subfield code="2">bicssc</marc:subfield></marc:datafield><marc:datafield tag="072" ind1=" " ind2="7"><marc:subfield code="a">RPT</marc:subfield><marc:subfield code="2">bicssc</marc:subfield></marc:datafield><marc:datafield tag="072" ind1=" " ind2="7"><marc:subfield code="a">AMVD</marc:subfield><marc:subfield code="2">bicssc</marc:subfield></marc:datafield><marc:datafield tag="100" ind1="1" ind2=" "><marc:subfield code="a">Clifford, Ben</marc:subfield><marc:subfield code="4">auth</marc:subfield></marc:datafield><marc:datafield tag="700" ind1="1" ind2=" "><marc:subfield code="a">Morphet, Janice</marc:subfield><marc:subfield code="4">auth</marc:subfield></marc:datafield><marc:datafield tag="245" ind1="1" ind2="0"><marc:subfield code="a">Major Infrastructure Planning and Delivery</marc:subfield><marc:subfield code="b">Exploring Nationally Significant Infrastructure Projects (NSIPs) in England and Wales</marc:subfield></marc:datafield><marc:datafield tag="260" ind1=" " ind2=" "><marc:subfield code="a">London</marc:subfield><marc:subfield code="b">UCL Press</marc:subfield><marc:subfield code="c">2023</marc:subfield></marc:datafield><marc:datafield tag="300" ind1=" " ind2=" "><marc:subfield code="a">1 electronic resource (324 p.)</marc:subfield></marc:datafield><marc:datafield tag="336" ind1=" " ind2=" "><marc:subfield code="a">text</marc:subfield><marc:subfield code="b">txt</marc:subfield><marc:subfield code="2">rdacontent</marc:subfield></marc:datafield><marc:datafield tag="337" ind1=" " ind2=" "><marc:subfield code="a">computer</marc:subfield><marc:subfield code="b">c</marc:subfield><marc:subfield code="2">rdamedia</marc:subfield></marc:datafield><marc:datafield tag="338" ind1=" " ind2=" "><marc:subfield code="a">online resource</marc:subfield><marc:subfield code="b">cr</marc:subfield><marc:subfield code="2">rdacarrier</marc:subfield></marc:datafield><marc:datafield tag="506" ind1="0" ind2=" "><marc:subfield code="a">Open Access</marc:subfield><marc:subfield code="2">star</marc:subfield><marc:subfield code="f">Unrestricted online access</marc:subfield></marc:datafield><marc:datafield tag="520" ind1=" " ind2=" "><marc:subfield code="a">Major Infrastructure Planning and Delivery introduces the system for planning and consenting Nationally Significant Infrastructure Projects (NSIPs) in England (which has also applied for some schemes in Wales). These are the major projects involving power stations and large renewable energy schemes, motorways, railways and a range of other high profile, high impact and sometimes controversial development schemes, including some closely linked to the UK’s transition to net zero.&#13;
&#13;
The book explains where this separate system for governing major infrastructure came from and how it operates in practice, with a particular focus on the relationship between planning, consent and delivery of these infrastructure projects. Detailed case studies of the A14 highway, Thames Tideway super sewer, Galloper offshore windfarm and Progress Power station, drawing on research by the authors, illustrate issues of the often overlooked continuing role of local government, the engagement of local communities and stakeholders, and the modification of schemes between consent and construction.&#13;
&#13;
At a time of ongoing government planning reform, increased concern about climate change, and still unresolved consequences of Brexit, as well as timeless debates such as over national need versus local impact, this timely book offers rich detail on the particular approach to major infrastructure planning in England, but also speaks to wider issues around the governance of development and implementation of government policy under late capitalism.</marc:subfield></marc:datafield><marc:datafield tag="540" ind1=" " ind2=" "><marc:subfield code="a">Creative Commons</marc:subfield><marc:subfield code="f">https://creativecommons.org/licenses/by-nc-sa/4.0/</marc:subfield><marc:subfield code="2">cc</marc:subfield><marc:subfield code="4">https://creativecommons.org/licenses/by-nc-sa/4.0/</marc:subfield></marc:datafield><marc:datafield tag="546" ind1=" " ind2=" "><marc:subfield code="a">English</marc:subfield></marc:datafield><marc:datafield tag="650" ind1=" " ind2="7"><marc:subfield code="a">Urban &amp; municipal planning</marc:subfield><marc:subfield code="2">bicssc</marc:subfield></marc:datafield><marc:datafield tag="650" ind1=" " ind2="7"><marc:subfield code="a">Urban communities</marc:subfield><marc:subfield code="2">bicssc</marc:subfield></marc:datafield><marc:datafield tag="650" ind1=" " ind2="7"><marc:subfield code="a">Transport planning &amp; policy</marc:subfield><marc:subfield code="2">bicssc</marc:subfield></marc:datafield><marc:datafield tag="650" ind1=" " ind2="7"><marc:subfield code="a">City &amp; town planning - architectural aspects</marc:subfield><marc:subfield code="2">bicssc</marc:subfield></marc:datafield><marc:datafield tag="653" ind1=" " ind2=" "><marc:subfield code="a">infrastructure;urban planning;urban studies;transport studies;policy;governance;energy schemes;planning;Nationally Significant Infrastructure Projects;NSIP;power stations;renewable energy schemes;motorways;railways;development;Net Zero;infrastructure projects;A14;Thames Tideway super sewer;Galloper offshore windfarm;Progress Power station;local government;local communities;construction;government planning reform;climate change;Brexit;major infrastructure planning;government policy;late capitalism</marc:subfield></marc:datafield><marc:datafield tag="856" ind1="4" ind2="0"><marc:subfield code="a">www.oapen.org</marc:subfield><marc:subfield code="u">https://library.oapen.org/bitstream/id/0c6abab8-2792-4e2b-8e43-fb5799ffdfc4/9781800085237.pdf</marc:subfield><marc:subfield code="7">0</marc:subfield><marc:subfield code="z">OAPEN Library: download the publication</marc:subfield></marc:datafield><marc:datafield tag="856" ind1="4" ind2="0"><marc:subfield code="a">www.oapen.org</marc:subfield><marc:subfield code="u">https://library.oapen.org/handle/20.500.12657/75305</marc:subfield><marc:subfield code="7">0</marc:subfield><marc:subfield code="z">OAPEN Library: description of the publication</marc:subfield></marc:datafield></marc:record>